<?xml version="1.0" encoding="UTF-8"?><collection xmlns="http://www.loc.gov/MARC21/slim"><record><leader>00542nam--2200193-u-4500</leader><controlfield tag="001">000055296</controlfield><controlfield tag="002">20161230</controlfield><controlfield tag="005">20161230201052</controlfield><controlfield tag="008">121210s1000------------r-----000-0-fre-d</controlfield><datafield ind1=" " ind2=" " tag="020"><subfield code="a">2868830048</subfield></datafield><datafield ind1=" " ind2=" " tag="040"><subfield code="a">IFIN-HH</subfield></datafield><datafield ind1=" " ind2=" " tag="041"><subfield code="a">fre</subfield></datafield><datafield ind1=" " ind2=" " tag="080"><subfield code="a">539.219.3</subfield></datafield><datafield ind1="1" ind2=" " tag="100"><subfield code="a">Philibert, Jean</subfield></datafield><datafield ind1="1" ind2="0" tag="245"><subfield code="a">Diffusion et transport de matiere dans les solides</subfield><subfield code="c">Jean philibert</subfield></datafield><datafield ind1=" " ind2=" " tag="260"><subfield code="a">Les Ulis Cedex, France</subfield><subfield code="b">Les Editions De Physique</subfield><subfield code="c">1985</subfield></datafield><datafield ind1=" " ind2=" " tag="490"><subfield code="a">Monographies De Physique</subfield></datafield><datafield ind1=" " ind2=" " tag="852"><subfield code="a">73865</subfield><subfield code="c">539.217</subfield></datafield><datafield ind1=" " ind2=" " tag="CAT"><subfield code="a">Sys</subfield><subfield code="c">20121210</subfield><subfield code="h">173756</subfield></datafield></record></collection>